@BOOK{Givens2012,
	AUTHOR = {Givens, Geof H. AND Hoeting, Jennifer A.},
	YEAR = {2012},
	TITLE = {Computational Statistics},
	EDITION = {},
	PUBLISHER = {John Wiley \& Sons},
	ADDRESS = {New York},
}